
%1
@inproceedings{amos2017optnet,
  title={Optnet: Differentiable optimization as a layer in neural networks},
  author={Amos, Brandon and Kolter, J Zico},
  booktitle={International Conference on Machine Learning},
  pages={136--145},
  year={2017},
  organization={PMLR}
}
%2
@article{barratt2018differentiability,
  title={On the differentiability of the solution to convex optimization problems},
  author={Barratt, Shane},
  journal={arXiv preprint arXiv:1804.05098},
  year={2018}
}
%3
@article{bertinetto2018meta,
  title={Meta-learning with differentiable closed-form solvers},
  author={Bertinetto, Luca and Henriques, Joao F and Torr, Philip HS and Vedaldi, Andrea},
  journal={arXiv preprint arXiv:1805.08136},
  year={2018}
}
%4
@inproceedings{caruana2008empirical,
  title={An empirical evaluation of supervised learning in high dimensions},
  author={Caruana, Rich and Karampatziakis, Nikos and Yessenalina, Ainur},
  booktitle={Proceedings of the 25th international conference on Machine learning},
  pages={96--103},
  year={2008}
}
%5
@article{crammer2001algorithmic,
  title={On the algorithmic implementation of multiclass kernel-based vector machines},
  author={Crammer, Koby and Singer, Yoram},
  journal={Journal of machine learning research},
  volume={2},
  number={Dec},
  pages={265--292},
  year={2001}
}
%6
@inproceedings{domke2012generic,
  title={Generic methods for optimization-based modeling},
  author={Domke, Justin},
  booktitle={Artificial Intelligence and Statistics},
  pages={318--326},
  year={2012},
  organization={PMLR}
}
%7
@article{dontchev2011implicit,
  title={Implicit functions and solution mappings},
  author={Dontchev, Asen L and Rockafellar, R Tyrrell},
  journal={IEEE CONTROL SYSTEMS MAGAZINE},
  volume={1066},
  number={033X/11},
  year={2011},
  publisher={Springer}
}
%8
@inproceedings{finn2017model,
  title={Model-agnostic meta-learning for fast adaptation of deep networks},
  author={Finn, Chelsea and Abbeel, Pieter and Levine, Sergey},
  booktitle={International conference on machine learning},
  pages={1126--1135},
  year={2017},
  organization={PMLR}
}

%9
@article{ghiasi2018dropblock,
  title={Dropblock: A regularization method for convolutional networks},
  author={Ghiasi, Golnaz and Lin, Tsung-Yi and Le, Quoc V},
  journal={Advances in neural information processing systems},
  volume={31},
  year={2018}
}
%10
@inproceedings{gidaris2018dynamic,
  title={Dynamic few-shot visual learning without forgetting},
  author={Gidaris, Spyros and Komodakis, Nikos},
  booktitle={Proceedings of the IEEE conference on computer vision and pattern recognition},
  pages={4367--4375},
  year={2018}
}
%11
@article{gould2016differentiating,
  title={On differentiating parameterized argmin and argmax problems with application to bi-level optimization},
  author={Gould, Stephen and Fernando, Basura and Cherian, Anoop and Anderson, Peter and Cruz, Rodrigo Santa and Guo, Edison},
  journal={arXiv preprint arXiv:1607.05447},
  year={2016}
}
%12
@book{krantz2002implicit,
  title={The implicit function theorem: history, theory, and applications},
  author={Krantz, Steven George and Parks, Harold R},
  year={2002},
  publisher={Springer Science \& Business Media}
}
%13
@misc{krizhevsky2010cifar,
  title={Cifar-10 (canadian institute for advanced research)},
  author={Krizhevsky, Alex and Nair, Vinod and Hinton, Geoffrey},
  year={2010}
}
%14
@article{liu1805transductive,
  title={Transductive propagation network for few-shot learning. arXiv 2018},
  author={Liu, Y and Lee, J and Park, M and Kim, S and Yang, Y},
  journal={arXiv preprint arXiv:1805.10002}
}
%15
@inproceedings{maclaurin2015gradient,
  title={Gradient-based hyperparameter optimization through reversible learning},
  author={Maclaurin, Dougal and Duvenaud, David and Adams, Ryan},
  booktitle={International conference on machine learning},
  pages={2113--2122},
  year={2015},
  organization={PMLR}
}
%16
@inproceedings{malisiewicz2011ensemble,
  title={Ensemble of exemplar-svms for object detection and beyond},
  author={Malisiewicz, Tomasz and Gupta, Abhinav and Efros, Alexei A},
  booktitle={2011 International conference on computer vision},
  pages={89--96},
  year={2011},
  organization={IEEE}
}
%17
@article{mensink2013distance,
  title={Distance-based image classification: Generalizing to new classes at near-zero cost},
  author={Mensink, Thomas and Verbeek, Jakob and Perronnin, Florent and Csurka, Gabriela},
  journal={IEEE transactions on pattern analysis and machine intelligence},
  volume={35},
  number={11},
  pages={2624--2637},
  year={2013},
  publisher={IEEE}
}
%18
@article{mishra2017simple,
  title={A simple neural attentive meta-learner},
  author={Mishra, Nikhil and Rohaninejad, Mostafa and Chen, Xi and Abbeel, Pieter},
  journal={arXiv preprint arXiv:1707.03141},
  year={2017}
}
%19
@inproceedings{munkhdalai2018rapid,
  title={Rapid adaptation with conditionally shifted neurons},
  author={Munkhdalai, Tsendsuren and Yuan, Xingdi and Mehri, Soroush and Trischler, Adam},
  booktitle={International conference on machine learning},
  pages={3664--3673},
  year={2018},
  organization={PMLR}
}
%20
@article{oreshkin2018tadam,
  title={Tadam: Task dependent adaptive metric for improved few-shot learning},
  author={Oreshkin, Boris and Rodr{\'\i}guez L{\'o}pez, Pau and Lacoste, Alexandre},
  journal={Advances in neural information processing systems},
  volume={31},
  year={2018}
}
%21
@inproceedings{qiao2018few,
  title={Few-shot image recognition by predicting parameters from activations},
  author={Qiao, Siyuan and Liu, Chenxi and Shen, Wei and Yuille, Alan L},
  booktitle={Proceedings of the IEEE conference on computer vision and pattern recognition},
  pages={7229--7238},
  year={2018}
}
%22
@inproceedings{ravi2017optimization,
  title={Optimization as a model for few-shot learning},
  author={Ravi, Sachin and Larochelle, Hugo},
  booktitle={International conference on learning representations},
  year={2017}
}

%23
@article{ren2018meta,
  title={Meta-learning for semi-supervised few-shot classification},
  author={Ren, Mengye and Triantafillou, Eleni and Ravi, Sachin and Snell, Jake and Swersky, Kevin and Tenenbaum, Joshua B and Larochelle, Hugo and Zemel, Richard S},
  journal={arXiv preprint arXiv:1803.00676},
  year={2018}
}
%24
@article{russakovsky2015imagenet,
  title={Imagenet large scale visual recognition challenge},
  author={Russakovsky, Olga and Deng, Jia and Su, Hao and Krause, Jonathan and Satheesh, Sanjeev and Ma, Sean and Huang, Zhiheng and Karpathy, Andrej and Khosla, Aditya and Bernstein, Michael and others},
  journal={International journal of computer vision},
  volume={115},
  pages={211--252},
  year={2015},
  publisher={Springer}
}
%25
@article{rusu2018meta,
  title={Meta-learning with latent embedding optimization},
  author={Rusu, Andrei A and Rao, Dushyant and Sygnowski, Jakub and Vinyals, Oriol and Pascanu, Razvan and Osindero, Simon and Hadsell, Raia},
  journal={arXiv preprint arXiv:1807.05960},
  year={2018}
}
%26
@phdthesis{schmidhuber1987evolutionary,
  title={Evolutionary principles in self-referential learning, or on learning how to learn: the meta-meta-... hook},
  author={Schmidhuber, J{\"u}rgen},
  year={1987},
  school={Technische Universit{\"a}t M{\"u}nchen}
}
%27
@inproceedings{schmidt2014shrinkage,
  title={Shrinkage fields for effective image restoration},
  author={Schmidt, Uwe and Roth, Stefan},
  booktitle={Proceedings of the IEEE conference on computer vision and pattern recognition},
  pages={2774--2781},
  year={2014}
}
%28
@article{snell2017prototypical,
  title={Prototypical networks for few-shot learning},
  author={Snell, Jake and Swersky, Kevin and Zemel, Richard},
  journal={Advances in neural information processing systems},
  volume={30},
  year={2017}
}
%29
@inproceedings{sung2018learning,
  title={Learning to compare: Relation network for few-shot learning},
  author={Sung, Flood and Yang, Yongxin and Zhang, Li and Xiang, Tao and Torr, Philip HS and Hospedales, Timothy M},
  booktitle={Proceedings of the IEEE conference on computer vision and pattern recognition},
  pages={1199--1208},
  year={2018}
}
%30
@inproceedings{tappen2007learning,
  title={Learning gaussian conditional random fields for low-level vision},
  author={Tappen, Marshall F and Liu, Ce and Adelson, Edward H and Freeman, William T},
  booktitle={2007 IEEE Conference on Computer Vision and Pattern Recognition},
  pages={1--8},
  year={2007},
  organization={IEEE}
}
%31
@article{thrun1998lifelong,
  title={Lifelong Learning Algorithms.},
  author={Thrun, Sebastian},
  journal={Learning to learn},
  volume={8},
  pages={181--209},
  year={1998}
}
%32
@article{vilalta2002perspective,
  title={A perspective view and survey of meta-learning},
  author={Vilalta, Ricardo and Drissi, Youssef},
  journal={Artificial intelligence review},
  volume={18},
  pages={77--95},
  year={2002},
  publisher={Springer}
}
%33
@article{vinyals2016matching,
  title={Matching networks for one shot learning},
  author={Vinyals, Oriol and Blundell, Charles and Lillicrap, Timothy and Wierstra, Daan and others},
  journal={Advances in neural information processing systems},
  volume={29},
  year={2016}
}
%34
@inproceedings{weston1999support,
  title={Support vector machines for multi-class pattern recognition.},
  author={Weston, Jason and Watkins, Chris and others},
  booktitle={Esann},
  volume={99},
  pages={219--224},
  year={1999}
}
%35
@article{yosinski2014transferable,
  title={How transferable are features in deep neural networks?},
  author={Yosinski, Jason and Clune, Jeff and Bengio, Yoshua and Lipson, Hod},
  journal={Advances in neural information processing systems},
  volume={27},
  year={2014}
}
%36
@article{zagoruyko2016wide,
  title={Wide residual networks},
  author={Zagoruyko, Sergey and Komodakis, Nikos},
  journal={arXiv preprint arXiv:1605.07146},
  year={2016}
}